% Encoding: UTF-8

@Article{Klener2015,
  author    = {Klener, Jakub and Stepanek, Josef},
  title     = {{UV} resonance {Raman} study of {PolyA} and {PolyU} complexes: {Mg}\textsuperscript{2+}-induced formation of {PolyU}$\cdot${PolyA}$\cdot${PolyU} triplexes},
  journal   = {Vibrational Spectroscopy},
  year      = {2015},
  volume    = {81},
  number    = {5},
  pages     = {32--39},
  date      = {2015},
  doi       = {10.1016/j.vibspec.2015.09.003},
  file      = {2015 Klener J, Stepanek J\; Vib. Spectrosc. 81 32-39.pdf:UVRaman\\DNA\\2015 Klener J, Stepanek J\; Vib. Spectrosc. 81 32-39.pdf:PDF},
  owner     = {Lumik},
  timestamp = {2016.01.13},
}

@Comment{jabref-meta: databaseType:bibtex;}

% Encoding: UTF-8
